@MISC{NetteDocs,
  title = {Nette Docs: Dokumentace Nette 3.1 [online]},
  publisher = {Nette Foundation},
  address = {Praha},
  year = {2021},
  note = "[cit. 2021-04-20]",
  howpublished = "https://doc.nette.org/cs/3.1/",
}
@book{Kolouch2019,
  author = {Jan KOLOUCH and Pavel BAŠTA},
  title = {CyberSecurity},
  publisher = {CZ.NIC, z.s.p.o.},
  address = {Praha},
  year = {2019},
  edition = {1},
  ISBN = {978-80-88168-31-7},
  URL = {https://knihy.nic.cz/files/edice/cybersecurity.pdf},
}

@book{Vrana2013,
  author = {J. VRÁNA},
  title = {1001 tipů a triků pro PHP},
  publisher = {Albatros Media a.s},
  year = {2013},
  ISBN = {9788025139387},
}

@book{Sklar2018,
  author = {D. SKLAR and J. POKORNÝ},
  title = {PHP 7: praktický průvodce nejrozšířenějším skriptovacím jazykem pro web},
  subtitle = {Encyklopedie Zoner Press},
  publisher = {Zoner Press},
  year = {2018},
  ISBN = {9788074133633},
}

@misc{eduId,
  journal = {EduID.cz},
  title = {Shibboleth SP 3},
  publisher = {CESNET, z. s. p. o.},
  address = {Praha},
  year = {1996},
  medium = {online},
  accessed = {2020-11-23},
  URL = {https://www.eduid.cz/cs/tech/sp/shibboleth},
}

@book{Boehmer2015,
  author = {M. BÖHMER},
  title = {Návrhové vzory v PHP},
  publisher = {Albatros Media a.s},
  year = {2015},
  ISBN = {9788025144756},
}

@MASTERSTHESIS{Haska2016,
  author = {David HAŠKA},
  title = {Porovnání PHP frameworků pro tvorbu internetové aplikace},
  address = {Praha},
  year = {2016},
  school = {Vysoká škola ekonomická v Praze},
  type = {Bakalářská práce},
}

@book{FowlerMVC,
  author = {Martin FOWLER},
  title = {Patterns of enterprise application architecture},
  publisher = {Addison-Wesley},
  address = {Boston},
  year = {2003},
  ISBN = {0-321-12742-0},
}

@book{EvansDDD,
  author = {Eric EVANS},
  title = {Domain-driven Design: Tackling Complexity in the Heart of Software},
  publisher = {Addison-Wesley},
  address = {Boston},
  year = {2004},
  ISBN = {0-321-12521-5},
}

@misc{zdrojakMVC,
  author = {Borek BERNARD},
  title = {Prezentační vzory z rodiny MVC [online]},
  publisher = {Devel.cz Lab}, 
  year = {2009},
  medium = {online},
  note = "[cit. 2021-05-07]",
  howpublished = "Dostupné z: https://zdrojak.cz/clanky/prezentacni-vzory-zrodiny-mvc/",
}


@misc{NetteRefactoring,
  author = {David GRUDL},
  title = {Nette Framework: Refactoring [online]},
  publisher = {Devel.cz Lab}, 
  year = {2009},
  medium = {online},
  note = "[cit. 2021-05-07]",
  howpublished = "Dostupné z: https://zdrojak.cz/clanky/nette-framework-refactoring/",
}

@misc{Planette,
  author = {Nette},
  title = {Best practice: formuláře jako komponenty [online]},
  publisher = {Nette Foundation},
  year = {2021},
  note = "[cit. 2021-05-07]",
  howpublished = "Dostupné z: https://pla.nette.org/cs/best-practice-formulare-jako-komponenty\#toc-ui-control",
}

@misc{Tracy,
  title = {Tracy: ladicí nástroj se kterým je radost chybovat [online]},
  publisher = {Nette Foundation},
  year = {2021},
  note = "[cit. 2021-05-07]",
  howpublished = "Dostupné z: https://tracy.nette.org/",
}

@misc{ContributteDataGrid,
  title = {Contributte Datagrid: DataGrid for Nette framework [online]},
  publisher = {Contributte},
  year = {2021},
  note = "[cit. 2021-05-07]",
  howpublished = "Dostupné z: https://contributte.org/packages/contributte/datagrid/",
}

@misc{FowlerPassiveView,
  author = {Martin FOWLER},
  title = {Martin Fowler: Passive View [online]},
  year = {2006},
  note = "[cit. 2021-05-07]",
  howpublished = "Dostupné z: https://www.martinfowler.com/eaaDev/PassiveScreen.html",
}

@misc{NettePresentery,
  author = {Nette 3.1 Docs},
  title = {Presentery [online]},
  publisher = {Nette Foundation},
  address = {Praha},
  year = {2021},
  note = "[cit. 2021-05-07]",
  howpublished = "Dostupné z: https://doc.nette.org/cs/3.1/presenters\#toc-action-action",
}

@misc{NetteRoutovani,
  author = {Nette 3.1 Docs},
  title = {Routování [online]},
  publisher = {Nette Foundation},
  address = {Praha},
  year = {2021},
  note = "[cit. 2021-05-07]",
  howpublished = "Dostupné z: https://doc.nette.org/cs/3.1/routing",
}

@book{Martin2002,
  author = {Robert C. MARTIN},
  title = {Agile Software Development, Principles, Patterns, and Practices},
  publisher = {Pearson},
  address = {New York},
  year = {2002},
  edition = {první},
  ISBN = {978-0135974445},
}

@misc{NetteForms,
  author = {Nette 3.1 Docs},
  title = {Validace formulářů [online]},
  publisher = {Nette Foundation},
  address = {Praha},
  year = {2021},
  note = "[cit. 2021-05-07]",
  howpublished = "Dostupné z: https://doc.nette.org/cs/3.1/form-validation",
}

@misc{Validace1,
  author = {Serge Truth},
  journal = {Security Innovation},
  title = {Do Not Rely On Client-Side Validation [online]},
  year = {2011},
  note = "[cit. 2021-05-07]",
  howpublished = "Dostupné z: https://blog.securityinnovation.com/blog/2011/07/do-not-rely-on-client-side-validation.html",
}


@misc{Validace2,
  author = {Information Security Stack Exchange},
  title = {Is HTML5 input pattern validation sufficient (or even relevant) for client-side validation? [online]},
  year = {2017},
  note = "[cit. 2021-05-07]",
  howpublished = "Dostupné z: https://security.stackexchange.com/questions/169771/is-html5-input-pattern-validation-sufficient-or-even-relevant-for-client-side",
}


@misc{Validace3,
  author = {Janko Jovanovic},
  journal = {Smashing Magazine},
  title = {Web Form Validation: Best Practices and Tutorials [online]},
  year = {2009},
  note = "[cit. 2021-05-07]",
  howpublished = "Dostupné z: https://blog.securityinnovation.com/blog/2011/07/do-not-rely-on-client-side-validation.html",
}

@misc{MVCmodel,  
  title = {StackOverflow: How should a model be structured in MVC?[online]},
  year = {2018},
  note = "[cit. 2021-05-07]",
  howpublished = "Dostupné z: https://stackoverflow.com/a/5864000",
}

@misc{phpseclibBlinding,
  author = {Jim Wigginton},
  title = "Phpseclib API Documentation: Crypt{\_}RSA [online]",
  publisher = {Jim Wigginton},
  address = {USA},
  year = {2021},
  note = "[cit. 2021-05-07]",
  howpublished = "Dostupné z: https://api.phpseclib.com/1.0/Crypt{\_}RSA.html",
}

@misc{RsaAdventures,
  author = {Cathie Yun},
  journal = {Medium.com},
  title = {Adventures with RSA Blind Signing [online]},
  publisher = {Medium.com},
  address = {USA},
  year = {2021},
  note = {[cit. 2021-05-11]},
  howpublished = {Dostupné z: https://cathieyun.medium.com/adventures-with-rsa-blind-signing-397035585121},
}


@book{Schneier1996,
  author = {Bruce Schneier},
  title = {Applied cryptography},
  subtitle = {protocols, algorithms, and source code in C},
  publisher = {Wiley},
  address = {Indianapolis},
  year = {1996},
  edition = {2nd edition},
  ISBN = {978-0471117094},
}

@INPROCEEDINGS{4285237,
  author={Anane, Rachid and Freeland, Richard and Theodoropoulos, Georgios},
  booktitle={The 9th IEEE International Conference on E-Commerce Technology and The 4th IEEE International Conference on Enterprise Computing, E-Commerce and E-Services (CEC-EEE 2007)}, 
  title={e-Voting Requirements and Implementation}, 
  year={2007},
  volume={},
  number={},
  pages={382-392},
  doi={10.1109/CEC-EEE.2007.42}}

@article{QADAH2007376,
title = {Electronic voting systems: Requirements, design, and implementation},
journal = {Computer Standards \& Interfaces},
volume = {29},
number = {3},
pages = {376-386},
year = {2007},
issn = {0920-5489},
doi = {https://doi.org/10.1016/j.csi.2006.06.001},
howpublished = {Dostupné z: https://www.sciencedirect.com/science/article/pii/S0920548906000754},
author = {Ghassan Z. Qadah and Rani Taha},
}
@InProceedings{10.1007/978-3-642-03315-5_13,
author="Novotn{\'y}, Mari{\'a}n",
title="Design and Analysis of a Practical E-Voting Protocol",
booktitle="The Future of Identity in the Information Society",
year="2009",
publisher="Springer",
address="Berlin",
pages="170--183",
isbn="978-3-642-03315-5",
howpublished="Dostupné z: https://link.springer.com/chapter/10.1007/978-3-642-03315-5_13",
}


@InProceedings{chaum,
author="Chaum, David",
title="Blind Signatures for Untraceable Payments",
booktitle="Advances in Cryptology",
year="1983",
publisher="Springer US",
address="Boston, MA",
pages="199--203",
isbn="978-1-4757-0602-4",
howpublished = "Dostupné z: https://sceweb.sce.uhcl.edu/yang/teaching/csci5234WebSecurityFall2011/Chaum-blind-signatures.PDF"
}

@article{rsa,
  title={A method for obtaining digital signatures and public-key cryptosystems},
  author={Rivest, Ronald L and Shamir, Adi and Adleman, Leonard},
  journal={Communications of the ACM},
  volume={21},
  number={2},
  pages={120--126},
  year={1978},
  publisher={ACM New York, NY, USA},
  howpublished="Dostupné z: https://people.csail.mit.edu/rivest/Rsapaper.pdf"
}

@misc{XssPrevention,
  title = "Cross Site Scripting Prevention Cheat Sheet [online]",
  publisher = {OWASP},
  address = {USA},
  year = {2021},
  note = "[cit. 2021-05-07]",
  howpublished = "Dostupné z: https://cheatsheetseries.owasp.org/cheatsheets/Cross{\_}Site{\_}Scripting{\_}Prevention{\_}Cheat{\_}Sheet.html",
}

@misc{Latte,
  title = "Latte - nejbezpečnější {\&} opravdu intuitivní šablony pro PHP [online]",
  publisher = {Nette Foundation},
  address = {Praha},
  year = {2021},
  note = "[cit. 2021-05-07]",
  howpublished = "Dostupné z: https://latte.nette.org/cs/",
}


@misc{Valasek2020,
  author = {Michal Valášek},
  journal = {Altair.blog},
  title = {Lesk a bída elektronických voleb [online]},
  publisher = {Valášek},
  year = {2020},
  medium = {online},
  note = {[cit. 2021-05-09]},
  howpublished = {Dostupné z: https://www.altair.blog/2020/07/evolby},
}

@misc{GoldsmithCaseSR,
  title={Case Study Report on Electronic Voting in the Netherlands},
  author={B. Goldsmith and Holly Ruthrauff},
  howpublished="Dostupné z: https://www.ndi.org/sites/default/files/5{\_}Netherlands.pdf",
  publisher="National Democratic Institute",
  year="[b.r.]"
}

@article{swissTurnout,
title = {Internet voting and turnout: Evidence from Switzerland},
journal = {Electoral Studies},
volume = {47},
pages = {1-12},
year = {2017},
issn = {0261-3794},
doi = {https://doi.org/10.1016/j.electstud.2017.03.001},
howpublished = {Dostupné z: https://www.sciencedirect.com/science/article/pii/S026137941630453X},
author = {Micha Germann and Uwe Serdült},
}

@article{estoniaTurnout, 
title={Internet Voting in Comparative Perspective: The Case of Estonia}, 
volume={42}, 
DOI={10.1017/S1049096509090787}, 
number={3}, 
journal= "PS: Political Science {\&} Politics", 
publisher={Cambridge University Press}, 
author={Alvarez, R. Michael and Hall, Thad E. and Trechsel, Alexander H.}, 
year={2009},
 pages={497–505}
}

@misc{receiptFree,
author = {Barros, Charles and Pimenta, Diego},
booktitle="Simpósio Brasileiro em Segurança da Informação e de Sistemas Computacionais (SBSEG)",
year = {2018},
address="Brazílie",
title = {A Receipt-Freei-Voting System Based on Blind Signatures and Anonymous IDs},
howpublished="Dostupné z: https://sol.sbc.org.br/index.php/sbseg/article/download/4277/4208/"
}

@misc{Bootstrap,
  title = {Bootstrap v4.6 [online]},
  publisher = {Bootstrap},
  year = {2021},
  note = {[cit. 2021-05-12]},
  howpublished = {Dostupné z: https://getbootstrap.com/docs/4.6/},
}

@misc{FontAwesome,
  title = {FontAwesome [online]},
  publisher = {Fonticons},
  year = {2021},
  note = {[cit. 2021-05-12]},
  howpublished = {Dostupné z: https://fontawesome.com/},
}

@unpublished{volebniRadUTB,
  author = { Univerzita Tomáše Bati ve Zlíně},
  title = {Volební řád akademického senátu Univerzity Tomáše Bati ve Zlíně},
  address = {Zlín},
  year = {2016},
  howpublished = {Dostupné také z: https://www.utb.cz/univerzita/uredni-deska/vnitrni-normy-a-predpisy/vnitrni-predpisy/},
  note="xx"
}

@unpublished{volebniRadFAI,
  author = { Univerzita Tomáše Bati ve Zlíně},
  title = {Volební řád Akademického senátu Fakulty aplikované informatiky Univerzity Tomáše Bati ve Zlíně},
  address = {Zlín},
  year = {2017},
  howpublished = {Dostupné také z: https://fai.utb.cz/o-fakulte/uredni-deska/vnitrni-normy-fai/vnitrni-predpisy-fai/},
  note="xx"
}

@MASTERSTHESIS{Vejvoda2015,
  author = {Bc. Petr Vejvoda},
  title = {Elektronický volební systém},
  address = {Liberec},
  year = {2015},
  school = {Technická univerzita v Liberci},
  type = {Diplomová práce},
}
@phdthesis{Silhavy2009,
  author = {Ing. Radek Šilhavý},
  title = {Experimentální ověření distribuovaného volebního schématu},
  address = {Zlín},
  year = {2009},
  school = {Univerzita Tomáše Bati ve Zlíně},
  type = {Disertační práce},
}

@InProceedings{Kucharczyk,
author="Kucharczyk, Marcin",
title="Blind Signatures in Electronic Voting Systems",
booktitle="Computer Networks",
year="2010",
publisher="Springer",
address="Berlin",
pages="349--358",
isbn="978-3-642-13861-4"
}


